<?xml version="1.0" encoding="UTF-8"?><record xmlns="http://www.loc.gov/MARC21/slim" xmlns:cinclude="http://apache.org/cocoon/include/1.0" xmlns:zs="http://www.loc.gov/zing/srw/">
  <leader>00945cz  a2200193n  4500</leader>
  <controlfield tag="001">n 2009213342</controlfield>
  <controlfield tag="003">DLC</controlfield>
  <controlfield tag="005">20140203141512.0</controlfield>
  <controlfield tag="008">090403n| azannaabn          |a aaa      </controlfield>
  <datafield tag="010" ind1=" " ind2=" ">
    <subfield code="a">n 2009213342</subfield>
  </datafield>
  <datafield tag="040" ind1=" " ind2=" ">
    <subfield code="a">DLC</subfield>
    <subfield code="b">eng</subfield>
    <subfield code="e">rda</subfield>
    <subfield code="c">DLC</subfield>
    <subfield code="d">DLC</subfield>
  </datafield>
  <datafield tag="046" ind1=" " ind2=" ">
    <subfield code="f">19380130</subfield>
  </datafield>
  <datafield tag="100" ind1="1" ind2=" ">
    <subfield code="a">Fernandes, José,</subfield>
    <subfield code="d">1938-</subfield>
  </datafield>
  <datafield tag="370" ind1=" " ind2=" ">
    <subfield code="a">Arari (Maranhão, Brazil)</subfield>
    <subfield code="e">São Luís do Maranhão (Brazil)</subfield>
    <subfield code="2">naf</subfield>
  </datafield>
  <datafield tag="373" ind1=" " ind2=" ">
    <subfield code="a">Instituto Histórico e Geográfico do Maranhão</subfield>
    <subfield code="2">naf</subfield>
  </datafield>
  <datafield tag="374" ind1=" " ind2=" ">
    <subfield code="a">Lawyers</subfield>
    <subfield code="a">Editors</subfield>
    <subfield code="2">lcsh</subfield>
  </datafield>
  <datafield tag="400" ind1="1" ind2=" ">
    <subfield code="a">Ribamar Fernandes, José de,</subfield>
    <subfield code="d">1938-</subfield>
  </datafield>
  <datafield tag="670" ind1=" " ind2=" ">
    <subfield code="a">O rio, 2004:</subfield>
    <subfield code="b">t.p. (José Fernandes) back flap (José de Ribamar Fernandes; b. 1938 in Arari-MA)</subfield>
  </datafield>
  <datafield tag="670" ind1=" " ind2=" ">
    <subfield code="a">Gente e coisas de minha terra, 2008:</subfield>
    <subfield code="b">t.p. (José Fernandes) front flap (José Fernandes (José de Ribamar Fernandes); b. Jan. 30, 1938, in Arari-MA; lives in São Luís do Maranhão; lawyer, editor and publisher; member, Instituto Histórico e Geográfico do Maranhão)</subfield>
  </datafield>
</record>